@Article{Beneke:1997hv,
  author    = "M. Beneke and G. Buchalla and I. Dunietz",
  title     = "{Mixing induced CP asymmetries in inclusive B decays}",
  journal   = "Phys. Lett.",
  volume    = "B393",
  year      = "1997",
  pages     = "132-142",
  eprint        = "hep-ph/9609357"
}

@article{pdg,
  title = {Review of Particle Physics},
  author = {Beringer, J. and Arguin, J. -F. and Barnett, R. M. and Copic, K. and Dahl, O. and Groom, D. E. and Lin, C. -J. and Lys, J. and Murayama, H. and Wohl, C. G. and Yao, W. -M. and Zyla, P. A. and Amsler, C. and Antonelli, M. and Asner, D. M. and Baer, H. and Band, H. R. and Basaglia, T. and Bauer, C. W. and Beatty, J. J. and Belousov, V. I. and Bergren, E. and Bernardi, G. and Bertl, W. and Bethke, S. and Bichsel, H. and Biebel, O. and Blucher, E. and Blusk, S. and Brooijmans, G. and Buchmueller, O. and Cahn, R. N. and Carena, M. and Ceccucci, A. and Chakraborty, D. and Chen, M. -C. and Chivukula, R. S. and Cowan, G. and D'Ambrosio, G. and Damour, T. and de Florian, D. and de Gouv\^ea, A. and DeGrand, T. and de Jong, P. and Dissertori, G. and Dobrescu, B. and Doser, M. and Drees, M. and Edwards, D. A. and Eidelman, S. and Erler, J. and Ezhela, V. V. and Fetscher, W. and Fields, B. D. and Foster, B. and Gaisser, T. K. and Garren, L. and Gerber, H. -J. and Gerbier, G. and Gherghetta, T. and Golwala, S. and Goodman, M. and Grab, C. and Gritsan, A. V. and Grivaz, J. -F. and Gr\"unewald, M. and Gurtu, A. and Gutsche, T. and Haber, H. E. and Hagiwara, K. and Hagmann, C. and Hanhart, C. and Hashimoto, S. and Hayes, K. G. and Heffner, M. and Heltsley, B. and Hern\'andez-Rey, J. J. and Hikasa, K. and H\"ocker, A. and Holder, J. and Holtkamp, A. and Huston, J. and Jackson, J. D. and Johnson, K. F. and Junk, T. and Karlen, D. and Kirkby, D. and Klein, S. R. and Klempt, E. and Kowalewski, R. V. and Krauss, F. and Kreps, M. and Krusche, B. and Kuyanov, Yu. V. and Kwon, Y. and Lahav, O. and Laiho, J. and Langacker, P. and Liddle, A. and Ligeti, Z. and Liss, T. M. and Littenberg, L. and Lugovsky, K. S. and Lugovsky, S. B. and Mannel, T. and Manohar, A. V. and Marciano, W. J. and Martin, A. D. and Masoni, A. and Matthews, J. and Milstead, D. and Miquel, R. and M\"onig, K. and Moortgat, F. and Nakamura, K. and Narain, M. and Nason, P. and Navas, S. and Neubert, M. and Nevski, P. and Nir, Y. and Olive, K. A. and Pape, L. and Parsons, J. and Patrignani, C. and Peacock, J. A. and Petcov, S. T. and Piepke, A. and Pomarol, A. and Punzi, G. and Quadt, A. and Raby, S. and Raffelt, G. and Ratcliff, B. N. and Richardson, P. and Roesler, S. and Rolli, S. and Romaniouk, A. and Rosenberg, L. J. and Rosner, J. L. and Sachrajda, C. T. and Sakai, Y. and Salam, G. P. and Sarkar, S. and Sauli, F. and Schneider, O. and Scholberg, K. and Scott, D. and Seligman, W. G. and Shaevitz, M. H. and Sharpe, S. R. and Silari, M. and Sj\"ostrand, T. and Skands, P. and Smith, J. G. and Smoot, G. F. and Spanier, S. and Spieler, H. and Stahl, A. and Stanev, T. and Stone, S. L. and Sumiyoshi, T. and Syphers, M. J. and Takahashi, F. and Tanabashi, M. and Terning, J. and Titov, M. and Tkachenko, N. P. and T\"ornqvist, N. A. and Tovey, D. and Valencia, G. and van Bibber, K. and Venanzoni, G. and Vincter, M. G. and Vogel, P. and Vogt, A. and Walkowiak, W. and Walter, C. W. and Ward, D. R. and Watari, T. and Weiglein, G. and Weinberg, E. J. and Wiencke, L. R. and Wolfenstein, L. and Womersley, J. and Woody, C. L. and Workman, R. L. and Yamamoto, A. and Zeller, G. P. and Zenin, O. V. and Zhang, J. and Zhu, R. -Y. and Harper, G. and Lugovsky, V. S. and Schaffner, P.},
  collaboration = {Particle Data Group},
  journal = {Phys. Rev. D},
  volume = {86},
  issue = {1},
  pages = {010001},
  numpages = {1528},
  year = {2012},
  month = {Jul},
  publisher = {American Physical Society},
  doi = {10.1103/PhysRevD.86.010001},
}

@article{CKM,
author = {Kobayashi, Makoto and Maskawa, Toshihide}, 
title = {CP-Violation in the Renormalizable Theory of Weak Interaction},
volume = {49}, 
number = {2}, 
pages = {652-657}, 
year = {1973}, 
doi = {10.1143/PTP.49.652}, 
abstract ={In a framework of the renormalizable theory of weak interaction, problems of CP-violation are studied. It is concluded that no realistic models of CP-violation exist in the quartet scheme without introducing any other new fields. Some possible models of CP-violation are also discussed.}, 
journal = {Progress of Theoretical Physics} 
}

@article{PhysRevD.10.2445,
  title = {Confinement of quarks},
  author = {Wilson, Kenneth G.},
  journal = {Phys. Rev. D},
  volume = {10},
  issue = {8},
  pages = {2445--2459},
  numpages = {0},
  year = {1974},
  month = {Oct},
  publisher = {American Physical Society},
  doi = {10.1103/PhysRevD.10.2445},
}

@article{PhysRevD.2.1285,
  title = {Weak Interactions with Lepton-Hadron Symmetry},
  author = {Glashow, S. L. and Iliopoulos, J. and Maiani, L.},
  journal = {Phys. Rev. D},
  volume = {2},
  issue = {7},
  pages = {1285--1292},
  numpages = {0},
  year = {1970},
  month = {Oct},
  publisher = {American Physical Society},
  doi = {10.1103/PhysRevD.2.1285},
}

@article{PhysRevLett.19.1264,
  title = {A Model of Leptons},
  author = {Weinberg, Steven},
  journal = {Phys. Rev. Lett.},
  volume = {19},
  issue = {21},
  pages = {1264--1266},
  numpages = {0},
  year = {1967},
  month = {Nov},
  publisher = {American Physical Society},
  doi = {10.1103/PhysRevLett.19.1264},
}

% Higgs
@article{PhysRevLett.13.321,
  title = {Broken Symmetry and the Mass of Gauge Vector Mesons},
  author = {Englert, F. and Brout, R.},
  journal = {Phys. Rev. Lett.},
  volume = {13},
  issue = {9},
  pages = {321--323},
  numpages = {0},
  year = {1964},
  month = {Aug},
  publisher = {American Physical Society},
  doi = {10.1103/PhysRevLett.13.321},
}
@article{PhysRevLett.13.508,
  title = {Broken Symmetries and the Masses of Gauge Bosons},
  author = {Higgs, Peter W.},
  journal = {Phys. Rev. Lett.},
  volume = {13},
  issue = {16},
  pages = {508--509},
  numpages = {0},
  year = {1964},
  month = {Oct},
  publisher = {American Physical Society},
  doi = {10.1103/PhysRevLett.13.508},
}
@article{PhysRevLett.13.585,
  title = {Global Conservation Laws and Massless Particles},
  author = {Guralnik, G. S. and Hagen, C. R. and Kibble, T. W. B.},
  journal = {Phys. Rev. Lett.},
  volume = {13},
  issue = {20},
  pages = {585--587},
  numpages = {0},
  year = {1964},
  month = {Nov},
  publisher = {American Physical Society},
  doi = {10.1103/PhysRevLett.13.585},
}

@article{ewk_fit,
year={2012},
issn={1434-6044},
journal={The European Physical Journal C},
volume={72},
number={11},
doi={10.1140/epjc/s10052-012-2205-9},
title="{The Electroweak Fit of the Standard Model after the
                        Discovery of a New Boson at the LHC}",
publisher={Springer-Verlag},
author={Baak, M. and Goebel, M. and Haller, J. and Hoecker, A. and Kennedy, D. and Kogler, R. and Mönig, K. and Schott, M. and Stelzer, J.},
pages={1-7},
language={English}
}

@article{higgs_mass,
      author         = "Djouadi, Abdelhak",
      title          = "{The Anatomy of electro-weak symmetry breaking. I: The
                        Higgs boson in the standard model}",
      journal        = "Phys.Rept.",
      volume         = "457",
      pages          = "1-216",
      doi            = "10.1016/j.physrep.2007.10.004",
      year           = "2008",
      archivePrefix  = "arXiv",
      primaryClass   = "hep-ph",
      reportNumber   = "LPT-ORSAY-05-17"
}

@ARTICLE{neutrino_mixing_1,
   author = {{Pontecorvo}, B.},
    title = "{Neutrino Experiments and the Problem of Conservation of Leptonic Charge}",
  journal = {Soviet Journal of Experimental and Theoretical Physics},
     year = 1968,
    month = may,
   volume = 26,
    pages = {984},
   adsurl = {http://adsabs.harvard.edu/abs/1968JETP...26..984P},
  adsnote = {Provided by the SAO/NASA Astrophysics Data System}
}
@article{neutrino_mixing_2,
author = {Maki, Ziro and Nakagawa, Masami and Sakata, Shoichi}, 
title = {Remarks on the Unified Model of Elementary Particles},
volume = {28}, 
number = {5}, 
pages = {870-880}, 
year = {1962}, 
doi = {10.1143/PTP.28.870}, 
abstract ={A particle mixture theory of neutrino is proposed assuming the existence of two kinds of neutrinos. Based on the neutrino-mixture theory, a possible unified model of elementary particles is constructed by generalizing the Sakata-Nagoya model. Our scheme gives a natural explanation of smallness of leptonic decay rate of hyperons as well as the subtle difference of Gν's between µ-e and β-decay.Starting with this scheme, the possibility of Ke3 mode with ΔS/ΔQ = −1 is also examined, and some bearings on the dynamical role of the B-matter, a fundamental constituent of baryons in the Nagoya model, are clarified.}, 
journal = {Progress of Theoretical Physics} 
}

@article{co60,
  title = {Experimental Test of Parity Conservation in Beta Decay},
  author = {Wu, C. S. and Ambler, E. and Hayward, R. W. and Hoppes, D. D. and Hudson, R. P.},
  journal = {Phys. Rev.},
  volume = {105},
  issue = {4},
  pages = {1413--1415},
  numpages = {0},
  year = {1957},
  month = {Feb},
  publisher = {American Physical Society},
  doi = {10.1103/PhysRev.105.1413}}
  
@article{higgs_atlas,
      author         = "Aad, Georges and others",
      title          = "{Observation of a new particle in the search for the
                        Standard Model Higgs boson with the ATLAS detector at the
                        LHC}",
      collaboration  = "ATLAS Collaboration",
      journal        = "Phys.Lett.",
      volume         = "B716",
      pages          = "1-29",
      doi            = "10.1016/j.physletb.2012.08.020",
      year           = "2012",
      archivePrefix  = "arXiv",
      primaryClass   = "hep-ex",
      reportNumber   = "CERN-PH-EP-2012-218"
}

@article{higgs_cms,
      author         = "Chatrchyan, Serguei and others",
      title          = "{Observation of a new boson at a mass of 125 GeV with the
                        CMS experiment at the LHC}",
      collaboration  = "CMS Collaboration",
      journal        = "Phys.Lett.",
      volume         = "B716",
      pages          = "30-61",
      doi            = "10.1016/j.physletb.2012.08.021",
      year           = "2012",
      archivePrefix  = "arXiv",
      primaryClass   = "hep-ex",
      reportNumber   = "CMS-HIG-12-028, CERN-PH-EP-2012-220",
}

@article{alice,
      author         = "Aamodt, K. and others",
      title          = "{The ALICE experiment at the CERN LHC}",
      collaboration  = "ALICE Collaboration",
      journal        = "JINST",
      volume         = "3",
      pages          = "S08002",
      doi            = "10.1088/1748-0221/3/08/S08002",
      year           = "2008",
      SLACcitation   = "%%CITATION = JINST,3,S08002;%%",
}

@article{atlas,
      author         = "Aad, G. and others",
      title          = "{The ATLAS Experiment at the CERN Large Hadron Collider}",
      collaboration  = "ATLAS Collaboration",
      journal        = "JINST",
      volume         = "3",
      pages          = "S08003",
      doi            = "10.1088/1748-0221/3/08/S08003",
      year           = "2008",
      SLACcitation   = "%%CITATION = JINST,3,S08003;%%",
}

@article{cms,
      author         = "Chatrchyan, S. and others",
      title          = "{The CMS experiment at the CERN LHC}",
      collaboration  = "CMS Collaboration",
      journal        = "JINST",
      volume         = "3",
      pages          = "S08004",
      doi            = "10.1088/1748-0221/3/08/S08004",
      year           = "2008",
      SLACcitation   = "%%CITATION = JINST,3,S08004;%%",
}

@article{lhcb,
      author         = "Alves, A. Augusto, Jr. and others",
      title          = "{The LHCb Detector at the LHC}",
      collaboration  = "LHCb Collaboration",
      journal        = "JINST",
      volume         = "3",
      pages          = "S08005",
      doi            = "10.1088/1748-0221/3/08/S08005",
      year           = "2008",
      SLACcitation   = "%%CITATION = JINST,3,S08005;%%",
}

@article{lhcf,
      author         = "Adriani, O. and others",
      title          = "{The LHCf detector at the CERN Large Hadron Collider}",
      collaboration  = "LHCf Collaboration",
      journal        = "JINST",
      volume         = "3",
      pages          = "S08006",
      doi            = "10.1088/1748-0221/3/08/S08006",
      year           = "2008",
      SLACcitation   = "%%CITATION = JINST,3,S08006;%%",
}

@article{totem,
      author         = "Anelli, G. and others",
      title          = "{The TOTEM experiment at the CERN Large Hadron Collider}",
      collaboration  = "TOTEM Collaboration",
      journal        = "JINST",
      volume         = "3",
      pages          = "S08007",
      doi            = "10.1088/1748-0221/3/08/S08007",
      year           = "2008",
      SLACcitation   = "%%CITATION = JINST,3,S08007;%%",
}

@techreport{moedal,
      author        = "Pinfold, James and Soluk, R and Yao, Y and Cecchini, S and
                       Giacomelli, G and Giorgini, M and Patrizii, L and Sirri, G
                       and Lacarrère, D H and Kinoshita, K and Jakubek, J and
                       Platkevic, M and Pospísil, S and Vykydal, Z and Hott, T
                       and Houdayer, A and Leroy, Claude and Swain, J and Felea, D
                       and Hasegan, D and Pavalas, G E and Popa, V",
      title         = "{Technical Design Report of the MoEDAL Experiment}",
      institution   = "CERN",
      collaboration = "MoEDAL Collaboration",
      address       = "Geneva",
      number        = "CERN-LHCC-2009-006. MoEDAL-TDR-001",
      month         = "Jun",
      year          = "2009",
}

@article{lhcb_bs,
      author         = "Aaij, R and others",
      title          = "{First observation of $CP$ violation in the decays of
                        $B^0_s$ mesons}",
      collaboration  = "LHCb collaboration",
      journal        = "Phys.Rev.Lett.",
      volume         = "110",
      pages          = "221601",
      doi            = "10.1103/PhysRevLett.110.221601",
      year           = "2013",
      reportNumber   = "CERN-PH-EP-2013-068, LHCB-PAPER-2013-018",
      SLACcitation   = "%%CITATION = ARXIV:1304.6173;%%",
}

@article{ecal_perf,
      author        = "Chatrchyan, S. and others",
      title         = "{2012 ECAL detector performance plots}",
      collaboration = "CMS Collaboration",
      month         = "Mar",
      year          = "2013",
}

@techreport{pf,
      author        = "Chatrchyan, S. and others",
      title         = "{Particle-Flow Event Reconstruction in CMS and Performance
                       for Jets, Taus, and MET}",
      institution   = "CERN",
      collaboration = "CMS Collaboration",
      address       = "2009. Geneva",
      number        = "CMS-PAS-PFT-09-001",
      month         = "Apr",
      year          = "2009",
}

@techreport{cms_tracks,
      author        = "Adam, Wolfgang and Mangano, Boris and Speer, Thomas and
                       Todorov, Teddy",
      title         = "{Track Reconstruction in the CMS tracker}",
      institution   = "CERN",
      address       = "Geneva",
      number        = "CMS-NOTE-2006-041",
      month         = "Dec",
      year          = "2006",
}

@article{cms_muons_reco,
      author         = "Chatrchyan, Serguei and others",
      title          = "{Performance of CMS muon reconstruction in $pp$ collision
                        events at $\sqrt{s}=7$ TeV}",
      collaboration  = "CMS Collaboration",
      journal        = "JINST",
      volume         = "7",
      pages          = "P10002",
      doi            = "10.1088/1748-0221/7/10/P10002",
      year           = "2012",
      reportNumber   = "CMS-MUO-10-004, CERN-PH-EP-2012-173"
}

@techreport{cms_pf_2,
      author         = "Chatrchyan, Serguei and others",
      title         = "{Commissioning of the Particle-flow Event Reconstruction
                       with the first LHC collisions recorded in the CMS
                       detector}",
      collaboration = "CMS Collaboration",
      address       = "Geneva",
      year          = "2010",
      number        = "CMS-PAS-PFT-10-001",
}

@techreport{cms_pf_jets,
      author         = "Chatrchyan, Serguei and others",
      title         = "{Commissioning of the Particle-Flow reconstruction in
                       Minimum-Bias and Jet Events from pp Collisions at 7 TeV}",
      institution   = "CERN",
      collaboration = "CMS Collaboration",
      address       = "Geneva",
      number        = "CMS-PAS-PFT-10-002",
      year          = "2010",
}

@techreport{cms_pf_leptons,
      author        = "Chatrchyan, Serguei and others",
      title         = "{Particle-flow commissioning with muons and electrons from J/$\Psi$ and W events at 7 TeV}",
      institution   = "CERN",
      collaboration = "CMS Collaboration",
      address       = "Geneva",
      number        = "CMS-PAS-PFT-10-003",
      year          = "2010",
}

@techreport{cms_pf_electrons,
      author        = "Beaudette, F. and Benedetti, D. and Janot, P. and Pioppi, M.",
      title         = "{Electron Reconstruction within the Particle Flow Algorithm (note privée)}",
      institution   = "CERN",
      address       = "Geneva",
      number        = "CMS-NOTE-2010-034",
      month         = "Mar",
      year          = "2010",
}